<?xml version="1.0" encoding="UTF-8"?><collection xmlns="http://www.loc.gov/MARC21/slim"><record><leader>00328nam--2200121-i-4500</leader><controlfield tag="001">000037071</controlfield><controlfield tag="002">20161230</controlfield><controlfield tag="005">20161230201041</controlfield><controlfield tag="008">060222s1000------------r-----000-0-eng-d</controlfield><datafield ind1=" " ind2=" " tag="080"><subfield code="a">621.317.39</subfield></datafield><datafield ind1=" " ind2=" " tag="245"><subfield code="a">Masurarea electrica a marimilor neelectrice. culegere de traduceri</subfield></datafield><datafield ind1=" " ind2=" " tag="260"><subfield code="a">Bucuresti, I.C.D.T., 1971. 76p</subfield></datafield><datafield ind1=" " ind2=" " tag="852"><subfield code="a">34048</subfield></datafield></record></collection>